<?xml version="1.0" encoding="UTF-8"?><collection xmlns="http://www.loc.gov/MARC21/slim"><record><leader>00366nam--2200133-i-4500</leader><controlfield tag="001">000035923</controlfield><controlfield tag="002">20161230</controlfield><controlfield tag="005">20161230201040</controlfield><controlfield tag="008">060222s1000------------r-----000-0-eng-d</controlfield><datafield ind1=" " ind2=" " tag="100"><subfield code="a">Onitiiu, Florin</subfield></datafield><datafield ind1=" " ind2=" " tag="245"><subfield code="a">Masuratori tehnice si tolerante. partea ii-a</subfield></datafield><datafield ind1=" " ind2=" " tag="260"><subfield code="a">Bucuresti, Tip.Invatam., 1956, 227p.Lito</subfield></datafield><datafield ind1=" " ind2=" " tag="490"><subfield code="a">Inst.Polit.Facult.De Mecanica</subfield></datafield><datafield ind1=" " ind2=" " tag="852"><subfield code="a">4361</subfield></datafield></record></collection>